<record><leader>00000cas a22000007a 4500</leader><controlfield tag="001">19530958</controlfield><controlfield tag="008">890411c18829999gauwr ne      0    0eng d</controlfield><datafield ind1=" " ind2=" " tag="010"><subfield code="a">sn 89053289 </subfield></datafield><datafield ind1=" " ind2=" " tag="040"><subfield code="a">NLG</subfield><subfield code="b">eng</subfield><subfield code="c">NLG</subfield><subfield code="d">GUA</subfield><subfield code="d">OCLCQ</subfield><subfield code="d">OCLCF</subfield><subfield code="d">OCLCO</subfield></datafield><datafield ind1="1" ind2=" " tag="029"><subfield code="a">AU@</subfield><subfield code="b">000041161273</subfield></datafield><datafield ind1=" " ind2=" " tag="042"><subfield code="a">msc</subfield></datafield><datafield ind1=" " ind2=" " tag="043"><subfield code="a">n-us-ga</subfield></datafield><datafield ind1="0" ind2=" " tag="130"><subfield code="a">True citizen (Waynesboro, Ga. : 1882)</subfield></datafield><datafield ind1="1" ind2="4" tag="245"><subfield code="a">The true citizen.</subfield></datafield><datafield ind1=" " ind2=" " tag="260"><subfield code="a">Waynesboro, Ga. :</subfield><subfield code="b">Sullivan Bros.,</subfield><subfield code="c">1882-</subfield></datafield><datafield ind1=" " ind2=" " tag="300"><subfield code="a">v.</subfield></datafield><datafield ind1=" " ind2=" " tag="310"><subfield code="a">Weekly</subfield></datafield><datafield ind1="0" ind2=" " tag="362"><subfield code="a">Vol. 1, no. 1 (Apr. 28, 1882)-</subfield></datafield><datafield ind1=" " ind2=" " tag="500"><subfield code="a">Called general edition: Dec. 12, 1984-Jan 29, 1987.</subfield></datafield><datafield ind1=" " ind2=" " tag="530"><subfield code="a">Also on microfilm: Athens, Ga. : University of Georgia Libraries.</subfield></datafield><datafield ind1=" " ind2=" " tag="580"><subfield code="a">Published concurrently with: True citizen (Waynesboro, Ga. : Local edition), Dec. 10, 1984-July 1985, and: True citizen (Waynesboro, Ga. : Early Bird edition), July 30, 1985-June 17, 1986.</subfield></datafield><datafield ind1=" " ind2="0" tag="651"><subfield code="a">Waynesboro (Ga.)</subfield><subfield code="v">Newspapers.</subfield></datafield><datafield ind1=" " ind2="0" tag="651"><subfield code="a">Burke County (Ga.)</subfield><subfield code="v">Newspapers.</subfield></datafield><datafield ind1=" " ind2="7" tag="655"><subfield code="a">Newspapers.</subfield><subfield code="2">fast</subfield><subfield code="0">(OCoLC)fst01423814</subfield></datafield><datafield ind1=" " ind2="7" tag="651"><subfield code="a">Georgia</subfield><subfield code="z">Burke County.</subfield><subfield code="2">fast</subfield><subfield code="0">(OCoLC)fst01214162</subfield></datafield><datafield ind1=" " ind2="7" tag="651"><subfield code="a">Georgia</subfield><subfield code="z">Waynesboro.</subfield><subfield code="2">fast</subfield><subfield code="0">(OCoLC)fst01217964</subfield></datafield><datafield ind1=" " ind2=" " tag="752"><subfield code="a">United States</subfield><subfield code="b">Georgia</subfield><subfield code="c">Burke</subfield><subfield code="d">Waynesboro.</subfield></datafield><datafield ind1=" " ind2=" " tag="752"><subfield code="a">United States</subfield><subfield code="b">Georgia</subfield><subfield code="c">Jefferson.</subfield></datafield><datafield ind1="1" ind2=" " tag="775"><subfield code="t">True citizen (Waynesboro, Ga. : Local edition)</subfield><subfield code="w">(DLC)sn 85000366</subfield><subfield code="w">(OCoLC)11630054</subfield></datafield><datafield ind1="1" ind2=" " tag="775"><subfield code="t">True citizen (Waynesboro, Ga. : Early Bird edition)</subfield><subfield code="w">(DLC)sn 89053290</subfield><subfield code="w">(OCoLC)19530884</subfield></datafield><datafield ind1="0" ind2="0" tag="780"><subfield code="t">Burke news</subfield></datafield></record>